<record><leader>00000cas a22000007a 4500</leader><controlfield tag="001">60805977</controlfield><controlfield tag="008">050630c20059999vaudn n       0   a0eng d</controlfield><controlfield tag="009">17563</controlfield><datafield ind1=" " ind2=" " tag="010"><subfield code="a">sn2005061531</subfield></datafield><datafield ind1=" " ind2=" " tag="040"><subfield code="a">NVK</subfield><subfield code="b">eng</subfield><subfield code="c">NVK</subfield><subfield code="d">OCLCF</subfield><subfield code="d">OCLCO</subfield></datafield><datafield ind1="1" ind2=" " tag="029"><subfield code="a">AU@</subfield><subfield code="b">000027670275</subfield></datafield><datafield ind1=" " ind2=" " tag="042"><subfield code="a">msc</subfield></datafield><datafield ind1=" " ind2=" " tag="043"><subfield code="a">n-us-va</subfield></datafield><datafield ind1="0" ind2=" " tag="130"><subfield code="a">Examiner (Alexandria, Va. : Virginia ed.)</subfield></datafield><datafield ind1="0" ind2="4" tag="245"><subfield code="a">The Examiner.</subfield></datafield><datafield ind1="3" ind2=" " tag="246"><subfield code="a">Washington examiner</subfield></datafield><datafield ind1=" " ind2=" " tag="260"><subfield code="a">Alexandria, Va. :</subfield><subfield code="b">The Washington Newspaper Company,</subfield><subfield code="c">2005-</subfield></datafield><datafield ind1=" " ind2=" " tag="300"><subfield code="a">v.</subfield></datafield><datafield ind1="0" ind2=" " tag="362"><subfield code="a">Feb. 1, 2005-</subfield></datafield><datafield ind1=" " ind2=" " tag="580"><subfield code="a">Starting Feb. 1, 2005, the Montgomery journal (Chevy Chase, Md.) and the Northern Virginia journal are replaced by the Washington examiner, with editions in Virginia, Maryland and D.C.</subfield></datafield><datafield ind1=" " ind2="0" tag="651"><subfield code="a">Washington (D.C.)</subfield><subfield code="v">Newspapers.</subfield></datafield><datafield ind1=" " ind2="0" tag="651"><subfield code="a">Alexandria (Va.)</subfield><subfield code="v">Newspapers.</subfield></datafield><datafield ind1=" " ind2="7" tag="655"><subfield code="a">Newspapers.</subfield><subfield code="2">fast</subfield><subfield code="0">(OCoLC)fst01423814</subfield></datafield><datafield ind1=" " ind2="7" tag="651"><subfield code="a">Virginia</subfield><subfield code="z">Alexandria.</subfield><subfield code="2">fast</subfield><subfield code="0">(OCoLC)fst01206236</subfield></datafield><datafield ind1=" " ind2="7" tag="651"><subfield code="a">Washington (D.C.)</subfield><subfield code="2">fast</subfield><subfield code="0">(OCoLC)fst01204505</subfield></datafield><datafield ind1=" " ind2=" " tag="752"><subfield code="a">United States</subfield><subfield code="b">Virginia</subfield><subfield code="d">Alexandria.</subfield></datafield><datafield ind1="1" ind2=" " tag="775"><subfield code="a">Examiner (D.C. ed.)</subfield></datafield><datafield ind1="1" ind2=" " tag="775"><subfield code="a">Examiner (Maryland ed.)</subfield></datafield><datafield ind1="1" ind2="0" tag="780"><subfield code="a">Northern Virginia journal</subfield><subfield code="w">(DLC)  2002212302</subfield></datafield><datafield ind1="1" ind2="0" tag="780"><subfield code="a">Montgomery journal</subfield><subfield code="w">(DLC)sn 78000490</subfield></datafield></record>